<record><leader>00000cas a22000007a 4500</leader><controlfield tag="001">14768897</controlfield><controlfield tag="008">861119d192719uutxuwr ne      0    0eng d</controlfield><datafield ind1=" " ind2=" " tag="010"><subfield code="a">sn 86090111 </subfield></datafield><datafield ind1=" " ind2=" " tag="040"><subfield code="a">PPM</subfield><subfield code="b">eng</subfield><subfield code="c">PPM</subfield><subfield code="d">OCLCQ</subfield></datafield><datafield ind1=" " ind2=" " tag="042"><subfield code="a">msc</subfield></datafield><datafield ind1="0" ind2=" " tag="130"><subfield code="a">Duval County facts (San Diego, Tex. : 1927)</subfield></datafield><datafield ind1="1" ind2="0" tag="245"><subfield code="a">Duval County facts.</subfield></datafield><datafield ind1=" " ind2=" " tag="260"><subfield code="a">San Diego, Tex. :</subfield><subfield code="b">Edwards Pub. Co.</subfield></datafield><datafield ind1=" " ind2=" " tag="300"><subfield code="a">v. :</subfield><subfield code="b">ill. ;</subfield><subfield code="c">56 cm.</subfield></datafield><datafield ind1=" " ind2=" " tag="310"><subfield code="a">Weekly</subfield></datafield><datafield ind1="1" ind2=" " tag="362"><subfield code="a">Began in 1927?</subfield></datafield><datafield ind1=" " ind2=" " tag="530"><subfield code="a">Available on microfilm from the Center for American History, University of Texas at Austin.</subfield></datafield><datafield ind1=" " ind2=" " tag="588"><subfield code="a">Description based on: Vol. 2, no. 47 (Jan. 4, 1929).</subfield></datafield><datafield ind1=" " ind2=" " tag="752"><subfield code="a">United States</subfield><subfield code="b">Texas</subfield><subfield code="c">Duval</subfield><subfield code="d">San Diego.</subfield></datafield><datafield ind1="0" ind2="0" tag="780"><subfield code="t">Benavides facts</subfield><subfield code="w">(DLC)sn 86088307</subfield></datafield><datafield ind1="0" ind2="5" tag="780"><subfield code="t">San Diego journal</subfield><subfield code="w">(DLC)sn 88083822</subfield></datafield></record>